<?xml version="1.0" encoding="UTF-8"?><collection xmlns="http://www.loc.gov/MARC21/slim"><record><leader>00495nam--2200181-u-4500</leader><controlfield tag="001">000055501</controlfield><controlfield tag="002">20161230</controlfield><controlfield tag="005">20161230201052</controlfield><controlfield tag="008">130215s1000------------r-----000-0-eng-d</controlfield><datafield ind1=" " ind2=" " tag="040"><subfield code="a">IFIN-HH</subfield></datafield><datafield ind1=" " ind2=" " tag="080"><subfield code="a">801.323.2=82=40</subfield></datafield><datafield ind1="1" ind2=" " tag="100"><subfield code="a">Scerba, L</subfield></datafield><datafield ind1="1" ind2="0" tag="245"><subfield code="a">Dictionnaire russe-francais</subfield><subfield code="b">Russko-frantuzskii slovari</subfield><subfield code="c">L. scerba, m. matoussevitvh</subfield></datafield><datafield ind1=" " ind2=" " tag="260"><subfield code="a">Moskva</subfield><subfield code="b">Russkii Iazik</subfield><subfield code="c">1983</subfield></datafield><datafield ind1=" " ind2=" " tag="300"><subfield code="a">839P</subfield></datafield><datafield ind1="1" ind2=" " tag="700"><subfield code="a">Matoussevitvh, M</subfield></datafield><datafield ind1=" " ind2=" " tag="852"><subfield code="a">D.598</subfield><subfield code="c">SLF</subfield></datafield><datafield ind1=" " ind2=" " tag="CAT"><subfield code="a">Sys</subfield><subfield code="c">20130215</subfield><subfield code="h">133327</subfield></datafield></record></collection>